@ book{Wa,
    AUTHOR = {Washington, Lawrence C.},
     TITLE = {Introduction to cyclotomic fields},
 PUBLISHER = {Springer-Verlag},
   ADDRESS = {New York},
      YEAR = {1982},
}

@article{Ur,
author = {Eric Urban},
title = {{Selmer groups and the Eisenstein-Klingen ideal}},
volume = {106},
journal = {Duke Mathematical Journal},
number = {3},
publisher = {Duke University Press},
pages = {485 -- 525},
year = {2001},
doi = {10.1215/S0012-7094-01-10633-9},
URL = {https://doi.org/10.1215/S0012-7094-01-10633-9}
}



@article{Sk,
  title={{Galois representations, Iwasawa Theory, and Special Values of L-functions}},
  author={Christopher M. Skinner},
  year={2009},
  journal={CMI Summer School on Galois representations},
  volume={},
  publisher={},
}

@article{Ri,
  title={{A Modular Construction of Unramified $p$-Extensions of $\Q(\mu_p)$}},
  author={Kenneth A. Ribet},
  year={1976},
  journal={Inventiones mathematicae},
  volume={34},
  pages={151--162},
  publisher={Springer-Verlag}
}

@article{Mazur1984,
author = {Mazur, B. and Wiles, A.},
journal = {Inventiones mathematicae},
pages = {179-330},
title = {{Class fields of abelian extensions of Q}},
url = {http://eudml.org/doc/143124},
volume = {76},
year = {1984},
}


@article{Ti,
  title={Integral period relations and congruences},
  author={Jacques Tilouine and Eric Urban},
  journal={Algebra \& Number Theory},
  year={2022}
}

@book{bell,
     author = {Bella{\"\i}che, Jo\"el and Chenevier, Ga\"etan},
     title = {Families of {Galois} representations and {Selmer} groups},
     series = {Ast\'erisque},
     publisher = {Soci\'et\'e math\'ematique de France},
     number = {324},
     year = {2009},
     zbl = {1192.11035},
     mrnumber = {2656025},
     language = {en},
     url = {http://www.numdam.org/item/AST_2009__324__R1_0/}
}